@article{article1,
  author    = {Chris Whitmire and
               Brij Rokad and
               Caleb Crumley},
  title     = {Origami Inspired Solar Panel Design},
  journal   = {CoRR},
  volume    = {abs/1905.06012},
  year      = {2019},
  url       = {http://arxiv.org/abs/1905.06012},
  archivePrefix = {arXiv},
  eprint    = {1905.06012},
  timestamp = {Tue, 28 May 2019 12:48:08 +0200},
  biburl    = {https://dblp.org/rec/bib/journals/corr/abs-1905-06012},
  bibsource = {dblp computer science bibliography, https://dblp.org}
}

@book{article2,
Author = {Navaud, Guillaume},
ISBN = {9782600014038},
Publisher = {Droz},
Series = {Travaux d'humanisme et renaissance: no 478},
Title = {Persona : le théâtre comme métaphore théorique de Socrate à Shakespeare.},
URL = {http://proxy-remote.galib.uga.edu/login?url=http://search.ebscohost.com/login.aspx?direct=true&db=cat06564a&AN=uga.9939271873902959&site=eds-live},
Year = {2011},
language = {spanish},
hyphenation = {spanish}
}
